<record><leader>00000cas a2200000 a 4500</leader><controlfield tag="001">25908550</controlfield><controlfield tag="008">920529d1870187uiludn ne      0   a0eng c</controlfield><datafield ind1=" " ind2=" " tag="010"><subfield code="a">sn 92054572 </subfield></datafield><datafield ind1=" " ind2=" " tag="040"><subfield code="a">NVF</subfield><subfield code="b">eng</subfield><subfield code="c">NVF</subfield><subfield code="d">OCLCQ</subfield><subfield code="d">NVF</subfield><subfield code="d">OCLCQ</subfield><subfield code="d">NVF</subfield><subfield code="d">OCLCF</subfield><subfield code="d">DLC</subfield><subfield code="d">OCLCO</subfield></datafield><datafield ind1="1" ind2=" " tag="029"><subfield code="a">AU@</subfield><subfield code="b">000020746290</subfield></datafield><datafield ind1=" " ind2=" " tag="042"><subfield code="a">pcc</subfield></datafield><datafield ind1=" " ind2=" " tag="043"><subfield code="a">n-us-il</subfield></datafield><datafield ind1="0" ind2=" " tag="130"><subfield code="a">Daily evening call (Quincy, Ill.)</subfield></datafield><datafield ind1="1" ind2="0" tag="245"><subfield code="a">Daily evening call.</subfield></datafield><datafield ind1="1" ind2="0" tag="246"><subfield code="a">Evening call</subfield></datafield><datafield ind1=" " ind2=" " tag="260"><subfield code="a">Quincy, Ill. :</subfield><subfield code="b">Russell, Frost &amp; Co.,</subfield><subfield code="c">1870-[187-?]</subfield></datafield><datafield ind1="3" ind2=" " tag="260"><subfield code="3">May 8, 1871-&lt;June 29, 1872&gt;</subfield><subfield code="a">Quincy, Ill. :</subfield><subfield code="b">Heirs &amp; Russell</subfield></datafield><datafield ind1=" " ind2=" " tag="300"><subfield code="a">v.</subfield></datafield><datafield ind1=" " ind2=" " tag="310"><subfield code="a">Daily (except Sundays and federal holidays)</subfield></datafield><datafield ind1="0" ind2=" " tag="362"><subfield code="a">Vol. 1, no. 117 (Nov. 17, 1870)-</subfield></datafield><datafield ind1=" " ind2=" " tag="515"><subfield code="a">Continues the numberin of Evening call (Quincy, Ill. : 1870).</subfield></datafield><datafield ind1=" " ind2=" " tag="588"><subfield code="a">Latest issue consulted: Vol. 2, no. 309 (June 29, 1872).</subfield></datafield><datafield ind1=" " ind2="0" tag="651"><subfield code="a">Quincy (Ill.)</subfield><subfield code="v">Newspapers.</subfield></datafield><datafield ind1=" " ind2="7" tag="651"><subfield code="a">Illinois</subfield><subfield code="z">Quincy.</subfield><subfield code="2">fast</subfield><subfield code="0">(OCoLC)fst01212078</subfield></datafield><datafield ind1=" " ind2="7" tag="655"><subfield code="a">Newspapers.</subfield><subfield code="2">fast</subfield><subfield code="0">(OCoLC)fst01423814</subfield></datafield><datafield ind1=" " ind2=" " tag="752"><subfield code="a">United States</subfield><subfield code="b">Illinois</subfield><subfield code="c">Adams</subfield><subfield code="d">Quincy.</subfield></datafield><datafield ind1="0" ind2="0" tag="780"><subfield code="t">Evening call (Quincy, Ill. : 1870)</subfield><subfield code="w">(DLC)sn 92054588</subfield><subfield code="w">(OCoLC)25908512</subfield></datafield><datafield ind1="0" ind2="0" tag="785"><subfield code="t">Evening call (Quincy, Ill. : 1873)</subfield><subfield code="w">(DLC)sn 85034114</subfield><subfield code="w">(OCoLC)12434622</subfield></datafield></record>